@misc{amazon_2023,
  title={What is AWS Nitro Enclaves?},
  author={Amazon, Inc.},
  year={2023},
  note={Accessed: March 20, 2023},
  howpublished={\url{https://docs.aws.amazon.com/enclaves/latest/user/nitro-enclave.html}}
}

@misc{vmware_2023,
  title={vSockets Programming Guide},
  author={VMware, Inc.},
  year={2023},
  note={Accessed: March 20, 2023},
  howpublished={\url{https://vdc-download.vmware.com/vmwb-repository/dcr-public/a49be05e-fa6d-4da1-9186-922fbfef149e/a65f3c51-aaeb-476d-80c3-827b805c2f9e/ws9_esx60_vmci_sockets.pdf}}
}

@misc{qemu_2023,
  title={QEMU Features/VirtioVsock},
  author={Bellard, Fabrice},
  year={2023},
  note={Accessed: March 20, 2023},
  howpublished={\url{https://wiki.qemu.org/Features/VirtioVsock}}
}

@misc{kubevirt_2023,
  title={Red Hat OpenShift sandboxed containers: Peer-pods technical deep dive},
  author={Red Hat, Inc.},
  year={2023},
  note={Accessed: March 20, 2023},
  howpublished={\url{https://kubevirt.io/user-guide/virtual_machines/vsock/}}
}

@misc{linuxarch_2012,
  title={VSOCK for Linux upstreaming},
  author={Zhang, George},
  year={2012},
  note={Accessed: March 20, 2023},
  howpublished={\url{https://lwn.net/Articles/520000/}}
}

@misc{manvsock_2023,
  title={vsock(7) - Linux manual page},
  author={Kerrisk, Michael},
  year={2021},
  note={Accessed: March 20, 2023},
  howpublished={\url{https://man7.org/linux/man-pages/man7/vsock.7.html}}
}

@misc{vpnperf_2019,
  title={A performance comparison of the VPN implementations WireGuard,
    strongSwan and OpenVPN in a one Gbit/s environment},
  author={Dekker, Erik and Spaans, Patrick},
  year={2019-2020},
  note={Accessed: March 20, 2023},
  howpublished={\url{https://rp.os3.nl/2019-2020/p71/presentation.pdf}}
}

@misc{wggo_2023,
  title={Go Implementation of WireGuard},
  author={Donenfeld, Jason},
  year={2023},
  note={Accessed: March 20, 2023},
  howpublished={\url{https://git.zx2c4.com/wireguard-go}}
}

@misc{wglimits_2015,
  title={Known Limitations - Wireguard},
  author={Donenfeld, Jason},
  year={2015},
  note={Accessed: March 20, 2023},
  howpublished={\url{https://www.wireguard.com/known-limitations/}}
}

@misc{wgvsock_2023,
  title={Go Implementation of WireGuard over VSOCK},
  author={Versiani, Guilherme},
  year={2023},
  note={Accessed: March 20, 2023},
  howpublished={\url{https://github.com/seedcx/wireguard-go-vsock}}
}

@misc{tuntap_2023,
  title={TUN/TAP},
  author={Wikipedia, the free encyclopedia},
  year={2023},
  note={Accessed: March 20, 2023},
  howpublished={\url{https://en.wikipedia.org/wiki/TUN/TAP}}
}

@misc{vsockproxy_2023,
  title={Vsock Proxy},
  author={Amazon, Inc.},
  year={2023},
  note={Accessed: March 20, 2023},
  howpublished={\url{https://github.com/aws/aws-nitro-enclaves-cli/blob/main/vsock\_proxy/README.md}}
}

@misc{winter2022framework,
  title={A Framework for Building Secure, Scalable, Networked Enclaves}, 
  author={Philipp Winter and Ralph Giles and Alex Davidson and Gon√ßalo Pestana},
  year={2022},
  eprint={2206.04123},
  archivePrefix={arXiv},
  primaryClass={cs.CR}
}

@misc{critelli_2022,
  title={Kubernetes network stack fundamentals: How containers inside a pod communicate},
  author={Critelli, Anthony},
  year={2022},
  note={Accessed: March 20, 2023},
  howpublished={\url{https://www.redhat.com/sysadmin/kubernetes-pod-network-communications}}
}

@misc{gvisor,
  title={gVisor, Application Kernel for Containers},
  author={Google LLC},
  note={Accessed: April 3, 2024},
  howpublished={\url{https://github.com/google/gvisor}}
}

